@article{JV15,
    author = {Josuat-Verg√®s, M.},
    title = {Derivatives of the tree function},
    year = {2015},
    journal = {Ramanujan J.},
    note = {To appear},
}


@article{Bor13,
    author = {Borie, N.},
    title = {{Generating tuples of integers modulo the action of a
        permutation group and applications}},
    journal = {Formal Power Series and Algebraic Combinatorics},
    year = {2013},
    pages = {797--808}
}

@article {Bul11,
    AUTHOR = {Bultel, J.-P.},
    TITLE = {{A one-parameter deformation of the noncommutative Lagrange
          inversion formula}},
    JOURNAL = {Int. J. Algebr. Comput.},
    VOLUME = {21},
    YEAR = {2011},
    NUMBER = {8},
    PAGES = {1395--1414}
}

@article{Val07,
    AUTHOR = {Vallette, B.},
    TITLE = {{A Koszul duality for PROPs}},
    JOURNAL = {T. Am. Math. Soc.},
    VOLUME = {359},
    YEAR = {2007},
    NUMBER = {10},
    PAGES = {4865--4943}
}

@MANUAL{Sage,
    author = {W. A. Stein and others},
    organization = {The Sage Development Team},
    title = {{Sage Mathematics Software (Version 6.5)}},
    note = {\url{http://www.sagemath.org}},
    year = {2015}
}

@misc{Slo,
    author = {Sloane, N. J. A.},
    title = {{The On-Line Encyclopedia of Integer Sequences}},
    note = {\url{http://www.research.att.com/~njas/sequences/}}
}

@ARTICLE{Mar08,
    author = {Markl, M.},
    title = {{Operads and PROPs}},
    year = {2008},
    journal = {Handbook of Algebra},
    volume = {5},
    pages = {87--140}
}

@ARTICLE{McL65,
    author = {Mac Lane, S.},
    title = {{Categorical algebra}},
    journal = {Bull. Amer. Math. Soc.},
    year = {1965},
    volume = {71},
    pages = {40--106}
}

@ARTICLE{Cha08,
    author = {Chapoton, F.},
    title = {{Operads and algebraic combinatorics of trees}},
    journal = {S\'em. Lothar. Combin.},
    year = {2008},
    volume = {58}
}

@BOOK{LV12,
    author = {Loday, J.-L. and Vallette, B.},
    title = {{Algebraic Operads}},
    series = {Grundlehren der mathematischen Wissenschaften},
    volume = {346},
    publisher = {Springer},
    year = {2012},
    pages = {xxiv+634}
}

@ARTICLE{BV73,
    author = {Boardman, J. M. and Vogt, R. M.},
    title = {{Homotopy invariant algebraic structures on topological spaces}},
    journal = {Lect. Notes Math.},
    year = {1973},
    volume = {347},
}

@ARTICLE{May72,
    author = {May, J. P.},
    title = {{The geometry of iterated loop spaces}},
    journal = {Lect. Notes Math.},
    year = {1972},
    volume = {271}
}

@article{Gir12,
    AUTHOR = {Giraudo, S.},
    TITLE = {{Algebraic and combinatorial structures on pairs of
    twin binary trees}},
    JOURNAL = {J. Algebra},
    VOLUME = {360},
    YEAR = {2012},
    PAGES = {115--157}
}

@ARTICLE{HNT05,
    author = {Hivert, F. and Novelli, J.-C. and Thibon, J.-Y.},
    title = {{The Algebra of Binary Search Trees}},
    journal = {Theor. Comput. Sci.},
    year = {2005},
    volume = {339},
    number = {1},
    pages = {129--165}
}

@ARTICLE{LR98,
    author = {Loday, J.-L. and Ronco, M. O.},
    title = {{Hopf Algebra of the Planar Binary Trees}},
    journal = {Adv. Math.},
    year = {1998},
    volume = {139},
    numer = {2},
    pages = {293--309}
}

@ARTICLE{MR95,
    author = {Malvenuto, C. and Reutenauer, C.},
    title = {{Duality between quasi-symmetric functions and Solomon
        descent algebra}},
    journal = {J. Algebra},
    year = {1995},
    volume = {177},
    pages = {967--982}
}

@incollection{Vie86,
    AUTHOR = {Viennot, X.},
    TITLE = {Heaps of pieces. {I}. {B}asic definitions and
        combinatorial lemmas},
    BOOKTITLE = {Combinatoire \'enum\'erative},
    SERIES = {Lect. Notes Math.},
    VOLUME = {1234},
    PAGES = {321--350},
    PUBLISHER = {Springer},
    YEAR = {1986}
}

@article{Laf03,
    AUTHOR = {Lafont, Y.},
    TITLE = {{Towards an algebraic theory of Boolean circuits}},
    JOURNAL = {J. Pure Appl. Algebra},
    VOLUME = {184},
    YEAR = {2003},
    NUMBER = {2-3},
    PAGES = {257--310}
}

@article{Gir15,
    AUTHOR = {Giraudo, S.},
    TITLE = {{Combinatorial operads from monoids}},
    JOURNAL = {J. Algebr. Comb.},
    VOLUME = {41},
    YEAR = {2015},
    NUMBER = {2},
    PAGES = {493--538}
}

@article{CG14,
    AUTHOR = {Chapoton, F. and Giraudo, S.},
    TITLE = {{Enveloping operads and bicolored noncrossing configurations}},
    JOURNAL = {Exp. Math.},
    VOLUME = {23},
    YEAR = {2014},
    NUMBER = {3},
    PAGES = {332--349},
}

@ARTICLE{BG14,
    author = {Bultel, J.-P. and Giraudo, S.},
    title = {{Combinatorial Hopf algebras from PROs}},
    journal = {{\tt arXiv:1406.6903 [math.CO]}},
    year = 2014,
}
